@article{kilobotMaze,
	Author = {Aaron Becker and Golnaz Habibi and Justin Werfel and Michael Rubenstein and J. McLurkin},
	Date-Added = {2015-09-09 13:11:59 +0000},
	Date-Modified = {2015-09-09 13:12:23 +0000},
	Journal = {IEEE/RSJ International Conference on Intelligent Robots and Systems (IROS) (Accepted)},
	Title = {Massive Uniform Manipulation: Controlling Large Populations of Simple Robots with a Common Input Signal},
	Year = {2013}}

@article{kilobot,
	Author = {Michael Rubenstein and Christian Ahler and Nick Hoff and Adrian Cabrera and Radhika Nagpal},
	Date-Added = {2015-09-09 12:56:34 +0000},
	Date-Modified = {2015-09-09 13:02:56 +0000},
	Title = {Kilobot: A low cost robot with scalable operations designed for collective behaviors},
	Year = {2014}}

@article{lspi,
	Author = {Michail G. Lagoudakis and Ronald Parr},
	Date-Added = {2015-09-09 13:05:33 +0000},
	Date-Modified = {2015-09-09 13:06:14 +0000},
	Journal = {Journal of Machine Learning Research 4},
	Title = {Least-Squares Policy Iteration},
	Year = {2003}}

@article{lstdRegularization,
	Author = {Matthew W. Hoffman and Alessandro Lazaric and Mohammad Ghavamzadeh and R ÃÅemi Munos},
	Date-Added = {2015-09-09 13:06:26 +0000},
	Date-Modified = {2015-09-09 13:07:20 +0000},
	Title = {Regularized Least Squares Temporal Difference learning with nested l2 and l1 penalization}}

@inproceedings{reps,
    Title={Relative Entropy Policy Search.},
    Author={Peters, Jan and M{\"u}lling, Katharina and Altun, Yasemin},
    Booktitle={AAAI},
    Year={2010},
    Organization={Atlanta}}

@article{acreps,
    Author = {Christian Wirth and Gerhard Neumann},
    Title = {Model-Free Preference-based Reinforcement Learning},
    Year = {2016}}

@online{pybox2d,
  title = {pybox2d},
  year = 2016,
  url = {https://github.com/pybox2d/pybox2d}}

@inproceedings{sparsegp,
  title={Sparse Gaussian processes using pseudo-inputs},
  author={Snelson, Edward and Ghahramani, Zoubin},
  booktitle={Advances in neural information processing systems},
  pages={1257--1264},
  year={2005}}

@inproceedings{vrep,
  title={V-REP: A versatile and scalable robot simulation framework},
  author={Rohmer, Eric and Singh, Surya PN and Freese, Marc},
  booktitle={Intelligent Robots and Systems (IROS), 2013 IEEE/RSJ International Conference on},
  pages={1321--1326},
  year={2013},
  organization={IEEE}
}
